<?xml version="1.0" encoding="UTF-8"?><collection xmlns="http://www.loc.gov/MARC21/slim"><record><leader>00523nam--2200181-i-4500</leader><controlfield tag="001">000036027</controlfield><controlfield tag="002">20161230</controlfield><controlfield tag="005">20161230201040</controlfield><controlfield tag="008">060222s1000------------r-----000-0-eng-d</controlfield><datafield ind1=" " ind2=" " tag="020"><subfield code="a">0123556503</subfield></datafield><datafield ind1=" " ind2=" " tag="040"><subfield code="a">IFIN-HH</subfield></datafield><datafield ind1=" " ind2=" " tag="080"><subfield code="a">539.17(083.5)</subfield></datafield><datafield ind1="1" ind2=" " tag="100"><subfield code="a">Horen, D.J</subfield></datafield><datafield ind1="1" ind2="0" tag="245"><subfield code="a">Nuclear level schemes a=45 through a=275 from nuclear data sheets</subfield><subfield code="b">Nuclear data group</subfield><subfield code="c">D.j. horen (ed.)</subfield></datafield><datafield ind1=" " ind2=" " tag="260"><subfield code="a">New York</subfield><subfield code="b">Academic Press, Inc</subfield><subfield code="c">1973</subfield></datafield><datafield ind1=" " ind2=" " tag="300"><subfield code="a">X+PAG.DIF</subfield></datafield><datafield ind1=" " ind2=" " tag="852"><subfield code="a">42424</subfield><subfield code="c">539.17</subfield></datafield><datafield ind1=" " ind2=" " tag="CAT"><subfield code="a">Sys</subfield><subfield code="c">20120613</subfield><subfield code="h">150901</subfield></datafield></record></collection>